@inproceedings{lee2013real,
  title={Real-time object detection, tracking, and 3D positioning in a multiple camera setup},
  author={Lee, YJ and Yilmaz, A},
  booktitle={The ISPRS Workshop on Image Sequence Analysis},
  volume={55},
  pages={56},
  year={2013}
}

@article{bleser2009advanced,
  title={Advanced tracking through efficient image processing and visual--inertial sensor fusion},
  author={Bleser, Gabriele and Stricker, Didier},
  journal={Computers \& Graphics},
  volume={33},
  number={1},
  pages={59--72},
  year={2009},
  publisher={Elsevier}
}

@article{chair1986optimal,
  title={Optimal data fusion in multiple sensor detection systems},
  author={Chair, Z and Varshney, PK},
  journal={IEEE Transactions on Aerospace and Electronic Systems},
  number={1},
  pages={98--101},
  year={1986},
  publisher={IEEE}
}

@article{kreylos2016lighthouse,
  title={Lighthouse tracking examined},
  author={Kreylos, Oliver},
  journal={Internet-Blog" Doc-Ok. org". Online verf{\"u}gbar unter http://doc-ok. org},
  year={2016}
}

@article{caron2006gps,
  title={GPS/IMU data fusion using multisensor Kalman filtering: introduction of contextual aspects},
  author={Caron, Francois and Duflos, Emmanuel and Pomorski, Denis and Vanheeghe, Philippe},
  journal={Information fusion},
  volume={7},
  number={2},
  pages={221--230},
  year={2006},
  publisher={Elsevier}
}
